@inproceedings{delayavf,
  title={{DelayAVF}: Calculating Architectural Vulnerability Factors for Delay Faults},
  author={Deutsch*, Peter W. and Ulitzsch*, Vincent Quentin and Gurumurthi, Sudhanva and Sridharan, Vilas and Emer, Joel and Yan, Mengjia},
  booktitle={Proceedings of the 57th IEEE/ACM International Symposium on Microarchitecture (MICRO)},
  year={2024}
}

@inproceedings{metior,
  title={Metior: A Comprehensive Model to Evaluate Obfuscating Side-Channel Defense Schemes},
  author={Deutsch, Peter W. and Na, Weon Taek and Bourgeat, Thomas and Emer, Joel S and Yan, Mengjia},
  booktitle={Proceedings of the 50th Annual International Symposium on Computer Architecture (ISCA)},
  pages={1--16},
  year={2023}
}

@inproceedings{dagguise,
  title={{DAGguise}: Mitigating Memory Controller Side-Channels},
  author={Deutsch*, Peter W. and Yang*, Yuheng and Bourgeat, Thomas and Drean, Jules and Emer, Joel S and Yan, Mengjia},
  booktitle={Proceedings of the 27th ACM International Conference on Architectural Support for Programming Languages and Operating Systems (ASPLOS)},
  pages={329--343},
  year={2022}
}

@article{feasibility,
  title={On the feasibility of deriving cryptographic keys from {MEMS} sensors},
  author={Willers, Oliver and Huth, Christopher and Guajardo, Jorge and Seidel, Helmut and Deutsch, Peter},
  journal={Journal of Cryptographic Engineering},
  volume={10},
  number={1},
  pages={67--83},
  year={2020},
  publisher={Springer Berlin Heidelberg}
}

